@inproceedings{liu2016ssd,
  author = {Wei Liu and Dragomir Anguelov and Dumitru Erhan and Christian Szegedy and Scott Reed and Cheng-Yang Fu and Alexander C. Berg},
  title = {{SSD}: Single Shot MultiBox Detector},
  booktitle = {{ECCV}},
  year = {2016},
}

@inproceedings{lin2017fpn,
  author = {Tsung-Yi Lin and Piotr Doll\'{a}r and Ross Girshick and Kaiming He and Bharath Hariharan and Serge Belongie},
  title = {Feature Pyramid Networks for Object Detection},
  booktitle = {{CVPR}},
  year = {2017},
}

@inproceedings{ren2015frcnn,
  author = {Shaoqing Ren and Kaiming He and Ross Girshick and Jian Sun},
  title = {Faster {R-CNN}: Towards Real-Time Object Detection with Region Proposal Networks},
  booktitle = {Neural Information Processing Systems ({NIPS})},
  year = {2015},
}

@inproceedings{redmon2017yolo,
  author = {Redmon, Joseph and Farhadi, Ali},
  title = {{YOLO}9000: Better, Faster, Stronger},
  booktitle = {{CVPR}},
  year = {2017},
}

@inproceedings{huang2017gmi,
  author = {Huang, Jonathan and Rathod, Vivek and Sun, Chen and Zhu, Menglong and Korattikara, Anoop and Fathi, Alireza and Fischer, Ian and Wojna, Zbigniew and Song, Yang and Guadarrama, Sergio and Murphy, Kevin},
  title = {Speed/Accuracy Trade-Offs for Modern Convolutional Object Detectors},
  booktitle = {{CVPR}},
  year = {2017},
}

@article{howard2017mobilenet,
  author = {Andrew G. Howard and Menglong Zhu and Bo Chen and Dmitry Kalenichenko and Weijun Wang and Tobias Weyand and Marco Andreetto and Hartwig Adam},
  title = {MobileNets: Efficient Convolutional Neural Networks for Mobile Vision Applications},
  journal = {CoRR},
  volume = {abs/1704.04861},
  year = {2017},
}

